%% LaTeX2e file `coursework.bib'
%% generated by the `filecontents' environment
%% from source `coursework' on 2020/06/16.
%%
 @article {MCOSW,
  author = "Hugh Glaser and Afraz Jafri and Ian Millard",
  title = "Managing co-reference on the semantic web",
  journal = "WWW2009 Workshop: Linked Data on the Web (LDOW2009)",
  month = "April",
  year = "April 2009",
 },
 @misc{ Nobody06,
  author = "Nobody Jr",
  title = "My Article",
  year = "2006" }
